%! Author = adria
%! Date = 19/04/2021

